@misc{gmn_original_proposal,
    title = {{PR12-09-019: Precision Measurement of the Neutron Magnetic Form Factor up to Q$^2$ = 18.0 (GeV/c)$^2$ by the Ratio Method}},
    author = {J.~Annand and R.~Gilman and B.~Quinn and B.~Wojtsekhowski (spokespersons)},
    url = {https://www.jlab.org/exp_prog/proposals/09/PR12-09-019.pdf}    
}